\usepackage{url}

@manual{Sudoku:2020,
  title  = {Sudoku.com},
  author = {Easybrain},
  url    = {https://sudoku.com},
  year   = {2020 (accessed 19 October 2020)}
}

@manual{inproceedings,
author = {Jones, Sian and Roach, Paul and Perkins, Stephanie},
year = {2011},
month = {03},
pages = {19-24},
title = {Sudoku Puzzle Complexity},
journal = {Proceedings of the 6th Research Student Workshop}
}